
@misc{rigetti,
    title={Rigetti's pyQuil docs},
    howpublished={\url{https://pyquil.readthedocs.io/en/stable/}}
}

@misc{googlecirq,
    title={Google's Cirq docs},
    howpublished={\url{https://github.com/quantumlib/Cirq}}
}

@misc{ibmqiskit,
    title={IBM's Qiskit docs},
    howpublished={\url{https://github.com/Qiskit/qiskit-terra}}
}

@misc{supercondpic,
    title={Superconducting chip},
    howpublished={\url{http://web.physics.ucsb.edu/~martinisgroup/}},
}

@misc{armchip,
    title={ARM chip},
    howpublished={\url{http://www.espruino.com/}}
}

@article{mckay2018qiskit,
  title={Qiskit Backend Specifications for OpenQASM and OpenPulse Experiments},
  author={McKay, David C and Alexander, Thomas and Bello, Luciano and Biercuk, Michael J and Bishop, Lev and Chen, Jiayin and Chow, Jerry M and C{\'o}rcoles, Antonio D and Egger, Daniel and Filipp, Stefan and others},
  journal={arXiv preprint arXiv:1809.03452},
  year={2018}
}
